@article{AES2024security,
  title={On The Security of Advanced Encryption Standard (AES)},
  author={IEEE Conference},
  journal={IEEE Xplore},
  year={2024},
  url={https://ieeexplore.ieee.org/document/9826324}
}

@article{AESReview,
  title={Review of the Advanced Encryption Standard},
  author={NIST},
  journal={NIST Publications},
  year={2023},
  url={https://doi.org/10.6028/NIST.IR.8319}
}

@article{AESDevelopment,
  title={Development of the Advanced Encryption Standard},
  author={Miles Smid},
  journal={Journal of Research of the National Institute of Standards and Technology},
  volume={126},
  pages={18},
  year={2021},
  url={https://doi.org/10.6028/jres.126.024}
}

@article{AESXOR2025,
  title={File Encryption Using AES and XOR Algorithm for Data Security},
  author={IEEE Conference},
  journal={IEEE Xplore},
  year={2025},
  url={https://ieeexplore.ieee.org/document/10467936}
}


@manual{pythonThreading,
  title={threading — Thread-based parallelism},
  author={{Python Software Foundation}},
  note={Python documentation for threading module},
  year={2024},
  url={https://docs.python.org/3/library/threading.html}
}

@manual{pythonMultiprocessing,
  title={multiprocessing — Process-based parallelism},
  author={{Python Software Foundation}},
  note={Python documentation for multiprocessing module},
  year={2024},
  url={https://docs.python.org/3/library/multiprocessing.html}
}

@manual{pythonTkinter,
  title={tkinter — Python interface to Tcl/Tk},
  author={{Python Software Foundation}},
  note={Python documentation for Tkinter module},
  year={2024},
  url={https://docs.python.org/3/library/tkinter.html}
}

@manual{pep371,
  title={PEP 371 – Addition of the multiprocessing package to the standard library},
  author={{Python Enhancement Proposal}},
  note={Details on integrating multiprocessing into the Python standard library},
  year={2024},
  url={https://peps.python.org/pep-0371/}
}
